@Book{EGVs_LV_2024,
  title = {High-resolution ecogeographical variables for species distribution modelling describing Latvia, 2024},
  author = {Andris Avotiņš},
  publisher = {University of Latvia},
  address = {Riga, Latvia},
  year = {2025},
  url = {https://aavotins.github.io/HiQBioDiv_EGVs/},
}
